@BOOK{Smith:2012qr,
	title = {{B}ook {T}itle},
	publisher = {Publisher},
	author = {Smith, J.~M. and Jones, A.~B.},
	year = {2012},
	edition = {7th},
}

@ARTICLE{Smith:2013jd,
	author = {Jones, A.~B. and Smith, J.~M.},
	title = {{A}rticle {T}itle},
	journal = {{J}ournal {T}itle},
	year = {2013},
	volume = {13},
	pages = {123-456},
	number = {52},
	month = {March},
	publisher = {Publisher}
}

@InProceedings{StarGAN2018,
author = {Choi, Yunjey and Choi, Minje and Kim, Munyoung and Ha, Jung-Woo and Kim, Sunghun and Choo, Jaegul},
title = {StarGAN: Unified Generative Adversarial Networks for Multi-Domain Image-to-Image Translation},
booktitle = {The IEEE Conference on Computer Vision and Pattern Recognition (CVPR)},
month = {June},
year = {2018}
}

@article{RaFDdataset,
author = {Langner, Oliver and Dotsch, Ron and Bijlstra, Gijsbert and Wigboldus, Daniel and Hawk, Skyler and Knippenberg, Ad},
year = {2010},
month = {12},
pages = {1377-1388},
title = {Presentation and validation of the Radboud Face Database},
volume = {24},
journal = {Cognition and Emotion - COGNITION EMOTION},
doi = {10.1080/02699930903485076}
}

@misc{gitbook_bot_2018_1212538,
  author       = {GitBook Bot and
                  Lambert Heller and
                  datawomanHUB and
                  mcancellieri and
                  Bianca Kramer and
                  Tony Ross-Hellauer and
                  ilabastida and
                  helenebr and
                  Pedro Fernandes and
                  Jon Tennant},
  title        = {Open Science Training Handbook},
  month        = apr,
  year         = 2018,
  publisher    = {Zenodo},
  version      = {1.1},
  doi          = {10.5281/zenodo.1212538},
  url          = {https://doi.org/10.5281/zenodo.1212538}
}

@inproceedings{liu2015faceattributes,
 title = {Deep Learning Face Attributes in the Wild},
 author = {Liu, Ziwei and Luo, Ping and Wang, Xiaogang and Tang, Xiaoou},
 booktitle = {Proceedings of International Conference on Computer Vision (ICCV)},
 month = {December},
 year = {2015} 
}

@misc{frc,
    author = "Ahmet Özlü",
    title  = "Face Database Creator",
    year   = "2017",
    url    = "https://github.com/ahmetozlu/face_recognition_crop"
}